@article{lecun1998gradient,
  title={Gradient-based learning applied to document recognition},
  author={LeCun, Yann and Bottou, L{\'e}on and Bengio, Yoshua and Haffner, Patrick},
  journal={Proceedings of the IEEE},
  volume={86},
  number={11},
  pages={2278--2324},
  year={1998},
  publisher={IEEE}
}

@inproceedings{jarrett2009best,
	title={What is the best multi-stage architecture for object recognition?},
	author={Jarrett, Kevin and Kavukcuoglu, Koray and LeCun, Yann and others},
	booktitle={Computer Vision, 2009 IEEE 12th International Conference on},
	pages={2146--2153},
	year={2009},
	organization={IEEE}
}

@inproceedings{nair2010rectified,
	title={Rectified linear units improve restricted boltzmann machines},
	author={Nair, Vinod and Hinton, Geoffrey E},
	booktitle={Proceedings of the 27th international conference on machine learning (ICML-10)},
	pages={807--814},
	year={2010}
}

@inproceedings{glorot2011deep,
	title={Deep Sparse Rectifier Neural Networks.},
	author={Glorot, Xavier and Bordes, Antoine and Bengio, Yoshua},
	booktitle={Aistats},
	volume={15},
	number={106},
	pages={275},
	year={2011}
}