@article{tibshirani1996regression,
  title={Regression shrinkage and selection via the lasso},
  author={Tibshirani, Robert},
  journal={Journal of the Royal Statistical Society. Series B (Methodological)},
  pages={267--288},
  year={1996},
  publisher={JSTOR}
}

@inproceedings{jaitly2013vocal,
	title={Vocal tract length perturbation (VTLP) improves speech recognition},
	author={Jaitly, Navdeep and Hinton, Geoffrey E},
	booktitle={Proc. ICML Workshop on Deep Learning for Audio, Speech and Language},
	year={2013}
}

@article{sietsma1991creating,
	title={Creating artificial neural networks that generalize},
	author={Sietsma, Jocelyn and Dow, Robert JF},
	journal={Neural networks},
	volume={4},
	number={1},
	pages={67--79},
	year={1991},
	publisher={Elsevier}
}

@inproceedings{vincent2008extracting,
	title={Extracting and composing robust features with denoising autoencoders},
	author={Vincent, Pascal and Larochelle, Hugo and Bengio, Yoshua and Manzagol, Pierre-Antoine},
	booktitle={Proceedings of the 25th international conference on Machine learning},
	pages={1096--1103},
	year={2008},
	organization={ACM}
}

@article{bishop1995training,
	title={Training with noise is equivalent to Tikhonov regularization},
	author={Bishop, Chris M},
	journal={Neural computation},
	volume={7},
	number={1},
	pages={108--116},
	year={1995},
	publisher={MIT Press}
}

@article{bishop1995regularization,
	title={Regularization and complexity control in feed-forward networks},
	author={Bishop, Christopher M},
	year={1995},
	publisher={EC2 et Cie}
}

@article{jim1996analysis,
	title={An analysis of noise in recurrent neural networks: Convergence and generalization},
	author={Jim, Kam-Chuen and Giles, C Lee and Horne, Bill G},
	journal={IEEE Transactions on neural networks},
	volume={7},
	number={6},
	pages={1424--1438},
	year={1996},
	publisher={IEEE}
}

@inproceedings{graves2011practical,
	title={Practical variational inference for neural networks},
	author={Graves, Alex},
	booktitle={Advances in Neural Information Processing Systems},
	pages={2348--2356},
	year={2011}
}

@article{hochreiter1995simplifying,
	title={Simplifying neural nets by discovering flat minima},
	author={Hochreiter, Sepp and Schmidhuber, J{\"u}rgen and others},
	journal={Advances in Neural Information Processing Systems},
	pages={529--536},
	year={1995},
	publisher={MORGAN KAUFMANN PUBLISHERS}
}

@inproceedings{hinton2008using,
	title={Using deep belief nets to learn covariance kernels for Gaussian processes},
	author={Hinton, Geoffrey E and Salakhutdinov, Ruslan R},
	booktitle={Advances in neural information processing systems},
	pages={1249--1256},
	year={2008}
}

@article{bishop1995regularization,
	title={Regularization and complexity control in feed-forward networks},
	author={Bishop, Christopher M},
	year={1995},
	publisher={EC2 et Cie}
}

@article{sjoberg1995overtraining,
	title={Overtraining, regularization and searching for a minimum, with application to neural networks},
	author={Sj{\"o}berg, Jonas and Ljung, Lennart},
	journal={International Journal of Control},
	volume={62},
	number={6},
	pages={1391--1407},
	year={1995},
	publisher={Taylor \& Francis}
}

@inproceedings{lasserre2006principled,
	title={Principled hybrids of generative and discriminative models},
	author={Lasserre, Julia A and Bishop, Christopher M and Minka, Thomas P},
	booktitle={Computer Vision and Pattern Recognition, 2006 IEEE Computer Society Conference on},
	volume={1},
	pages={87--94},
	year={2006},
	organization={IEEE}
}
